@misc{radwegenetz, 
    title={Radverkehrsnetz}, url={https://metaver.de/trefferanzeige?docuuid=EA847D9F-6403-4B75-BCDB-73F831F960C7}, 
    journal={METAVER}, 
    publisher={Landesbetrieb Geoinformation und Vermessung},
    author={Nina von der Heiden}, 
    year={2021},
    month={Apr},
    lastchecked={20. Okt. 2021}
}


@misc{hhsib, 
    title={Stra√üen- und Wegenetz Hamburg (HH-SIB)}, url={https://metaver.de/trefferanzeige?docuuid=5262159C-D358-11D5-88C8-000102DCCF41}, 
    journal={METAVER}, 
    publisher={Landesbetrieb Geoinformation und Vermessung},
    author={Nina von der Heiden}, 
    year={2017},
    month={Feb},
    lastchecked={20. Okt. 2021}
}
